@Book{xie2015,
  title = {Dynamic Documents with {R} and knitr},
  author = {Yihui Xie},
  publisher = {Chapman and Hall/CRC},
  address = {Boca Raton, Florida},
  year = {2015},
  edition = {2nd},
  note = {ISBN 978-1498716963},
  url = {http://yihui.name/knitr/},
}

@Article{layered-grammar,
  author = {Hadley Wickham},
  doi = {10.1198/jcgs.2009.07098},
  journal = {Journal of Computational and Graphical Statistics},
  number = {1},
  pages = {3â€“28},
  selected = {TRUE},
  title = {A layered grammar of graphics},
  volume = {19},
  year = {2010},
  bdsk-url-1 = {http://dx.doi.org/10.1198/jcgs.2009.07098},
}

@book{10.5555/1088896,
author = {Wilkinson, Leland},
title = {The Grammar of Graphics (Statistics and Computing)},
year = {2005},
isbn = {0387245448},
publisher = {Springer-Verlag},
address = {Berlin, Heidelberg}
}
